@misc{OverviewofAugmentedReality,
  title = {An Overview of Augmented Reality},
  url = {https://www.mdpi.com/2073-431X/11/2/28},
  year = {2022}
}
@misc{EndofGoogleGlass,
  title = {The end of Google Glass},
  url = {https://www.cnbc.com/2023/03/15/google-discontinues-google-glass-enterprise-end-to-early-ar-project.html},
  year = {2023}
}
@misc{OculusRift1,
  title = {Oculus Rift launches as VR market heats up},
  url = {https://www.cnbc.com/2016/03/28/oculus-rift-launches-as-vr-market-heats-up.html},
  year = {2023}
}
@misc{MixedRealityUseCasesforPilotTraining,
  title = {Novel Mixed Reality Use Cases for Pilot Training},
  url = {https://www.mdpi.com/2227-7102/12/5/345},
  year = {2022}
}
@misc{MicrosoftTrainingandSimulationforEnterprises,
  title = {Training and simulation for enterprises},
  url = {https://learn.microsoft.com/en-us/windows/mixed-reality/enthusiast-guide/training-simulation},
  year = {2022}
}
@misc{MicrosoftPrototypingforEnterprises,
  title = {Prototyping and manufacturing for enterprises},
  url = {https://learn.microsoft.com/en-us/windows/mixed-reality/enthusiast-guide/prototyping-manufacturing},
  year = {2022}
}
@misc{MicrosoftVirtualMuseums,
  title = {Virtual Museums, Exhibits, \& Tourism},
  url = {https://learn.microsoft.com/en-us/windows/mixed-reality/enthusiast-guide/virtual-museums#virtual-museums-exhibits-and-tourism-what-it-is-and-how-it-works},
  year = {2022},
}
@misc{MixedRealityinMuseums,
  title = {Ambient Information Visualisation and Visitors' Technology Acceptance of Mixed Reality in Museums},
  url = {https://repository.falmouth.ac.uk/3973/7/Ambient\%20Information\%20Visualisation\%20and\%20Visitors\%27\%20Technology\%20Acceptance\%20of\%20Mixed\%20Reality\%20in\%20Museums\%20-\%20Revise\%20and\%20resubmit.pdf},
  year = {2020},
}
@misc{MixedRealityDefinition,
  title = {What is mixed reality?},
  url = {https://learn.microsoft.com/en-us/windows/mixed-reality/discover/mixed-reality},
  year = {2023},
}
@misc{WhatIsHoloLens,
  title = {About HoloLens 2},
  url = {https://learn.microsoft.com/en-us/hololens/hololens2-hardware},
  year = {2023},
}
@misc{WhatIsMixedRealityToolkit,
  title = {What is Mixed Reality Toolkit 2?},
  url = {https://learn.microsoft.com/en-us/windows/mixed-reality/mrtk-unity/mrtk2/?view=mrtkunity-2022-05},
  year = {2022},
}
@misc{GeminiAppOverview,
  title = {An overview of the Gemini app},
  url = {https://gemini.google/overview/},
  year = {2024},
}
@misc{GeminiLaunch,
  title = {Introducing Gemini: our largest and most capable AI model},
  url = {https://blog.google/technology/ai/google-gemini-ai/},
  year = {2023},
}
@misc{DifferenceMeta-AR-VR-MR,
  title = {What's the difference between AR, VR and MR?},
  url = {https://forwork.meta.com/it/en/blog/difference-between-vr-ar-and-mr/},
  year = {2024},
}
@misc{DifferenceIBM-AR-VR-MR,
  title = {What is augmented reality?},
  url = {https://www.ibm.com/think/topics/augmented-reality},
  year = {2024},
}
@misc{MRTKtabs,
  title = {Tab View},
  url = {https://learn.microsoft.com/en-us/windows/mixed-reality/mrtk-unity/mrtk3-uxcore/packages/uxcore/tab-view},
  year = {2023}
}
@misc{MRTKslate,
  title = {Slate — MRTK3},
  url = {https://learn.microsoft.com/en-us/windows/mixed-reality/mrtk-unity/mrtk3-uxcomponents-noncanvas/packages/uxcomponents-noncanvas/slate},
  year = {2022}
}
@misc{MRTKnearMenu,
  title = {Near Menu — MRTK3},
  url = {https://learn.microsoft.com/en-us/windows/mixed-reality/mrtk-unity/mrtk3-uxcomponents/packages/uxcomponents/near-menu},
  year = {2022}
}

@misc{MonoBehaviour,
  title = {MonoBehaviour},
  url = {https://docs.unity3d.com/6000.1/Documentation/Manual/class-MonoBehaviour.html},
  year = {2025}
}
@misc{StartMonoBehaviour,
  title = {MonoBehaviour.Start()},
  url = {https://docs.unity3d.com/6000.1/Documentation/ScriptReference/MonoBehaviour.Start.html},
  year = {2025}
}
@misc{AwakeMonoBehaviour,
  title = {MonoBehaviour.Awake()},
  url = {https://docs.unity3d.com/6000.1/Documentation/ScriptReference/MonoBehaviour.Awake.html},
  year = {2025}
}
@misc{OnEnableMonoBehaviour,
  title = {MonoBehaviour.OnEnable()},
  url = {https://docs.unity3d.com/6000.1/Documentation/ScriptReference/MonoBehaviour.OnEnable.html},
  year = {2025}
}
@misc{OnDisableMonoBehaviour,
  title = {MonoBehaviour.OnDisable()},
  url = {https://docs.unity3d.com/6000.1/Documentation/ScriptReference/MonoBehaviour.OnDisable.html},
  year = {2025}
}
@misc{UpdateMonoBehaviour,
  title = {MonoBehaviour.Update()},
  url = {https://docs.unity3d.com/6000.1/Documentation/ScriptReference/MonoBehaviour.Update.html},
  year = {2025}
}
@misc{UnityPrefabs,
  title = {Prefabs},
  url = {https://docs.unity3d.com/6000.1/Documentation/Manual/Prefabs.html},
  year = {2025}
}
@misc{LLMCloudflare,
  title = {What is a large language model (LLM)?},
  url = {https://www.cloudflare.com/learning/ai/what-is-large-language-model/}
}
@misc{LLMIBM,
  title = {What are large language models (LLMs)?},
  url = {https://www.ibm.com/think/topics/large-language-models},
  year = {2023}
}
@misc{GeminiLiveYoutube,
  title = { Share your camera with Gemini Live to ask questions about what you see},
  url = {https://www.youtube.com/watch?v=aQKWQNbAH90&t=33s},
  year = {2025}
}
@misc{GeminiLiveBlog,
  title = {Gemini Live},
  url = {https://gemini.google/overview/gemini-live/?hl=en},
  year = {2025}
}
@misc{PromptingGoogle,
  title = {Prompt design strategies},
  url = {https://ai.google.dev/gemini-api/docs/prompting-strategies}
}
@misc{PromptingNvidia,
  title = {An Introduction to Large Language Models: Prompt Engineering and P-Tuning},
  url = {https://developer.nvidia.com/blog/an-introduction-to-large-language-models-prompt-engineering-and-p-tuning/},
  year = {2023}
}
@misc{StructuredOutput,
  title = {Structured output},
  url = {https://ai.google.dev/gemini-api/docs/structured-output?lang=rest},
  year = {2025}
}
@misc{SingletonPatternCSharp,
  title = {Implementing the Singleton Pattern in C\#},
  url = {https://csharpindepth.com/articles/singleton},
}


